@article{moo-ris-chi-zha-she2013,
title = {Self-similar evolution of a body eroding in a fluid flow},
author = {Matthew N.~J.~Moore and Leif Ristroph and Stephen Childress
  and Jun Zhang and Michael J.~Shelley},
journal = {Physics of Fluids},
volume = {25},
pages = {116602},
year = {2013}
}
