@article{tre-wei2014,
title = {{The Exponentially Convergent Trapezoidal Rule}},
author = {Lloyd N.~Trefethen and J.~A.~C.~Weideman},
journal = {SIAM Review},
volume = {56},
number = {3},
pages = {385--458},
year = {2014}
}

@article{cha-kre1997,
title = {{Rothe's Method for the Heat Equation and Boundary Integral
  Equations}},
author = {Roman Chapko and Rainer Kress},
journal = {Journal of Integral Equations and Applications},
volume = {9},
number = {1},
pages = {47--69},
year = {1997}
}

@article{gre-li2009,
title = {{High Order Accurate Methods for the Evaluation of Layer Heat
  Potentials}},
author = {L.~Greengard and J.-R.~Li},
journal = {SIAM Journal on Scientific Computing},
volume = {31},
number = {5},
pages = {3847--3860},
year = {2009}
}

@article{kro-qua2010,
title = {{Fast integral equation methods for Rothe's method applied to
  the isotropic heat equation}},
author = {M.C.~Kropinski and B.D.~Quaife},
journal = {Computers and Mathematics with Applications},
volume = {61},
issue = {9},
pages = {2436--2446},
year = {2010}
}

@article{sid-isr1988,
title = {Quadrature {M}ethods for {P}eriodic {S}ingular and {W}eakly
  {S}ingular {F}redholm {I}ntegral {E}quations},
author = {Avram Sidi and Moshe Israeli},
journal = {Journal of Scientific Computing},
volume = {3},
number = {2},
pages = {201--231},
year = {1988}
}
