@article{qua-moo2018,
title = {A boundary-integral framework to simulate viscous erosion of a
porous medium},
author = {Bryan Quaife and M.~Nicholas J.~Moore},
journal = {Journal of Computational Physics},
volume = {375},
pages = {1--21},
year = {2018}
}

@article{qua-bir2015b,
title = {High-order adaptive time stepping for vesicle suspensions
  with viscosity contrast},
author = {Bryan Quaife and George Biros},
journal = {Procedia IUTAM},
volume = {16},
pages = {89--98},
year = {2015}
}

@article{qua-bir2014,
title = {High-volume fraction simulations of two-dimensional vesicle
  suspensions},
author = {Bryan Quaife and George Biros},
journal = {Journal of Computational Physics},
volume = {274},
pages = {245--267},
year = {2014}
}

@article{qua-bir2016,
title = {{Adaptive time stepping for vesicle simulations}},
author = {Bryan Quaife and George Biros},
journal = {Journal of Computational Physics},
volume = {306},
pages = {478--499},
year = {2016}
}

