@phdthesis{far1989,
title = {{Mathematical Foundations for Fast Algorithms for the 
Biharmonic Equation}},
author = {P.~Farkas},
school = {University of Chicago},
year = {1989}
}

@article{hou-low-she1994,
title = {{Removing the Stiffness for Interfacial Flows with Surface
  Tension}},
author = {Thomas Y.~Hou and John S.~Lowengrub and Michael J.~Shelley},
journal = {Journal of Computational Physics},
volume = {114},
pages = {312--338},
year = {1994}
}

@article{moo-ris-chi-zha-she2013,
title = {Self-similar evolution of a body eroding in a fluid flow},
author = {Matthew N.~J.~Moore and Leif Ristroph and Stephen Childress
  and Jun Zhang and Michael J.~Shelley},
journal = {Physics of Fluids},
volume = {25},
pages = {116602},
year = {2013}
}

@article{pow-mir1987,
title = {Second kind integral equation formulation of Stokes' flows past
  a particle of arbitrary shape},
author = {H.~Power and G.~Miranda},
journal = {SIAM Journal on Applied Mathematics},
volume = {47},
number = {4},
pages = {689--698},
year = {1987}
}

@article{qua-bir2014a,
title = {High-volume fraction simulations of two-dimensional vesicle
  suspensions},
author = {Bryan Quaife and George Biros},
journal = {Journal of Computational Physics},
volume = {274},
pages = {245--267},
year = {2014}
}

@article{tre-wei2014,
title = {{The Exponentially Convergent Trapezoidal Rule}},
author = {Lloyd N.~Trefethen and J.~A.~C.~Weideman},
journal = {SIAM Review},
volume = {56},
number = {3},
pages = {385--458},
year = {2014}
}


