
% UN Water
@book{UNwater,
title={The United Nations World Water Development Report 2018: Nature-Based Solutions for Water},
author={United Nations World Water Assessment Programme},
year={2018},
publisher={UNESCO}
}
% Groundwater, Bear 2013
@book{bear2013dynamics,
  title={Dynamics of fluids in porous media},
  author={Bear, Jacob},
  year={2013},
  publisher={Courier Corporation}
}
% SIAM News on subsurface permeability inference
@article{lin2018randomization,
  title={Randomization in characterizing the subsurface},
  author={Lin, Youzuo and Oâ€™Malley, Daniel and Vesselinov, Velimir V and Guthrie, G and Coblentz, David},
  journal={SIAM News},
  volume={57},
  year={2018}
}
% Sujit Datta experiments at Princeton
@article{bizmark2019multiscale,
  title={Multiscale Dynamics of Colloidal Particle Transport in Porous Media},
  author={Bizmark, Navid and de Jong, Emily and Derakhshandeh, Maziar and Priestley, Rodney and Datta, Sujit},
  journal={Bulletin of the American Physical Society},
  year={2019},
  publisher={APS}
}

% Florida sinkhole 2018
@article{sandhu2018fate,
  title={Fate and transport of radioactive gypsum stack water entering the Floridan aquifer due to a sinkhole collapse},
  author={Sandhu, Daljit and Singh, Arvind and Duranceau, Steven J and Nam, Boo Hyun and Mayo, Talea and Wang, Dingbao},
  journal={Scientific reports},
  volume={8},
  number={1},
  pages={11439},
  year={2018},
  publisher={Nature Publishing Group}
}

% FMM
@article{gre-rok1987,
title = {{A Fast Algorithm for Particle Simulations}},
author = {L.~Greengard and V.~Rokhlin},
journal = {Journal of Computational Physics},
volume = {73},
pages = {325--348},
year = {1987}
}
% FMM
@article{gre-gre-may1992,
title = {On the numerical solution of the biharmonic equation in the
  plane},
author = {Anne Greenbaum and Leslie Greengard and Anita Mayo},
journal = {Physica D: Nonlinear Phenomena},
volume = {60},
pages = {216--225},
year = {1992}
}

%--------------------------------------------------------------------------------------%
% EROSION
%--------------------------------------------------------------------------------------%
% Spagnolie erosion
@article{mitchell2017generalized,
  title={A generalized traction integral equation for Stokes flow, with applications to near-wall particle mobility and viscous erosion},
  author={Mitchell, William H and Spagnolie, Saverio E},
  journal={Journal of Computational Physics},
  volume={333},
  pages={462--482},
  year={2017},
  publisher={Elsevier}
}
% Hewett erosion
@article{hewett2017evolution,
  title={Evolution of an eroding cylinder in single and lattice arrangements},
  author={Hewett, James N and Sellier, Mathieu},
  journal={Journal of Fluids and Structures},
  volume={70},
  pages={295--313},
  year={2017},
  publisher={Elsevier}
}
% CFD erosion 2018
@article{lopez2018cfd,
  title={CFD study of fluid flow changes with erosion},
  author={L{\'o}pez, Alejandro and Stickland, Matthew T and Dempster, William M},
  journal={Computer Physics Communications},
  volume={227},
  pages={27--41},
  year={2018},
  publisher={Elsevier}
}
% Competitive effects erosion 2018
@article{lachaussee2018competitive,
  title={Competitive dynamics of two erosion patterns around a cylinder},
  author={Lachauss{\'e}e, F and Bertho, Y and Morize, C and Sauret, Alban and Gondret, P},
  journal={Physical Review Fluids},
  volume={3},
  number={1},
  pages={012302},
  year={2018},
  publisher={APS}
}
% Ripples dunes 2019
@article{vinent2019unified,
  title={A unified model of ripples and dunes in water and planetary environments},
  author={Vinent, Orencio Duran and Andreotti, Bruno and Claudin, Philippe and Winter, Christian},
  journal={Nature Geoscience},
  pages={1},
  year={2019},
  publisher={Nature Publishing Group}
}

%--------------------------------------------------------------------------------------%
% DISSOLUTION AND MELTING
%--------------------------------------------------------------------------------------%
% SIAM dissolution fingers 2015 
@article{kondratiuk2015steadily,
  title={Steadily translating parabolic dissolution fingers},
  author={Kondratiuk, Pawe{\l} and Szymczak, Piotr},
  journal={SIAM Journal on Applied Mathematics},
  volume={75},
  number={5},
  pages={2193--2213},
  year={2015},
  publisher={SIAM}
}
% Rycroft 2016
@article{rycroft2016asymmetric,
  title={Asymmetric collapse by dissolution or melting in a uniform flow},
  author={Rycroft, Chris H and Bazant, Martin Z},
  journal={Proceedings of the Royal Society A: Mathematical, Physical and Engineering Sciences},
  volume={472},
  number={2185},
  pages={20150531},
  year={2016},
  publisher={The Royal Society Publishing}
}
% Wykes Huang self-sculpting dissolution
@article{wykes2018self,
  title={Self-sculpting of a dissolvable body due to gravitational convection},
  author={Wykes, Megan S Davies and Mac Huang, Jinzi and Hajjar, George A and Ristroph, Leif},
  journal={Physical Review Fluids},
  volume={3},
  number={4},
  pages={043801},
  year={2018},
  publisher={APS}
}
% Hewett ice
@article{hewett2017pear,
  title={The pear-shaped fate of an ice melting front},
  author={Hewett, James N and Sellier, Mathieu},
  journal={arXiv preprint arXiv:1705.02536},
  year={2017}
}
% Hewett ice
@inproceedings{hewett2019evolution,
  title={Evolution of a Melting Sphere in Cross Flow Using an Arbitrary Mesh Topology},
  author={Hewett, James N and Sellier, Mathieu},
  booktitle={IUTAM Symposium on Recent Advances in Moving Boundary Problems in Mechanics},
  pages={217--229},
  year={2019},
  organization={Springer}
}
% Hewett thesis
@article{hewett2017modelling,
  title={Modelling evolving boundary problems in fluid mechanics},
  author={Hewett, James N},
  year={2017},
  publisher={University of Canterbury}
}
% Dissolution roughening transition
@article{claudin2017dissolution,
  title={Dissolution instability and roughening transition},
  author={Claudin, Philippe and Dur{\'a}n, Orencio and Andreotti, Bruno},
  journal={Journal of Fluid Mechanics},
  volume={832},
  year={2017},
  publisher={Cambridge University Press}
}
% Cohen 2016 erosion patterns, Gallery of fluid motion
@article{cohen2016erosion,
  title={Erosion patterns on dissolving and melting bodies},
  author={Cohen, Caroline and Berhanu, Michael and Derr, Julien and du Pont, Sylvain Courrech},
  journal={Physical Review Fluids},
  volume={1},
  number={5},
  pages={050508},
  year={2016},
  publisher={APS}
}
% RB convection melting
@article{favier2019rayleigh,
  title={Rayleigh--B{\'e}nard convection with a melting boundary},
  author={Favier, Benjamin and Purseed, Jhaswantsing and Duchemin, Laurent},
  journal={Journal of Fluid Mechanics},
  volume={858},
  pages={437--473},
  year={2019},
  publisher={Cambridge University Press}
}
% Buoyance phase 2018
@article{toppaladoddi2018combined,
  title={The combined effects of shear and buoyancy on phase boundary stability},
  author={Toppaladoddi, Srikanth and Wettlaufer, John S},
  journal={arXiv preprint arXiv:1806.09904},
  year={2018}
}
% Huang geometric shocks 2017
@inproceedings{huang2017solute,
  title={Solute transport by flow yields geometric shocks in shape evolution},
  author={Huang, Jinzi Mac and Davies Wykes, Megan and Hajjar, George and Ristroph, Leif and Shelley, Michael},
  booktitle={APS Meeting Abstracts},
  year={2017}
}
% McCue 2014 Melting
@article{back2014effect,
  title={The effect of surface tension and kinetic undercooling on a radially-symmetric melting problem},
  author={Back, Julian M and McCue, Scott W and Hsieh, Mike H-N and Moroney, Timothy J},
  journal={Applied Mathematics and Computation},
  volume={229},
  pages={41--52},
  year={2014},
  publisher={Elsevier}
}

%--------------------------------------------------------------------------------------%
% SOLIDIFICATION
%--------------------------------------------------------------------------------------%
% McCue solidification
@article{mccue2003extinction,
  title={Extinction behaviour for two--dimensional inward-solidification problems},
  author={McCue, Scott W and King, John R and Riley, David S},
  journal={Proceedings of the Royal Society of London. Series A: Mathematical, Physical and Engineering Sciences},
  volume={459},
  number={2032},
  pages={977--999},
  year={2003},
  publisher={The Royal Society}
}
% Linda Cummings, melting and solidification
@article{Cummings1999,
  title={Two-dimensional solidification and melting in potential flows},
  author={Cummings, L.M. and Hohlov, Y.E. and Howison, S.D. and Kornev, K.},
  journal={J. Fluid Mech.},
  volume={378},
  pages={1--18},
  year={1999},
  publisher={Cambridge Univ Press}
}
% Worster
@article{Anderson95,
  title={Weakly nonlinear analysis of convection in mushy layers during the solidification of binary alloys},
  author={Anderson, D.M. and Worster, M.G.},
  journal={J. Fluid Mech.},
  volume={302},
  pages={307--331},
  year={1995},
  publisher={Cambridge Univ Press}
}
% Huppert
@article{Huppert90,
  title={The fluid mechanics of solidification},
  author={Huppert, H.E.},
  journal={J. Fluid Mech.},
  volume={212},
  pages={209--240},
  year={1990},
  publisher={Cambridge Univ Press}
}

%--------------------------------------------------------------------------------------%
% EROSION AND DISSOLUTION RELATED
%--------------------------------------------------------------------------------------%
% Ristroph sculpting with flow
@article{ristroph2018sculpting,
  title={Sculpting with flow},
  author={Ristroph, Leif},
  journal={Journal of Fluid Mechanics},
  volume={838},
  pages={1--4},
  year={2018},
  publisher={Cambridge University Press}
}
% Hewett deposition
@article{hewett2018modelling,
  title={Modelling ripple morphodynamics driven by colloidal deposition},
  author={Hewett, James N and Sellier, Mathieu},
  journal={Computers \& Fluids},
  volume={163},
  pages={54--67},
  year={2018},
  publisher={Elsevier}
}




%--------------------------------------------------------------------------------------%
% Some Riemann-Hilbert stuff
%--------------------------------------------------------------------------------------%
% Riemann-Hilbert
@book{Ablowitz2003,
  title={Complex Variables: Introduction and Applications},
  author={Ablowitz, M.J. and Fokas, A.S.},
  year={2003},
  publisher={Cambridge University Press}
}
@article{Its2003,
  title={The {R}iemann--{H}ilbert problem and integrable systems},
  author={Its, A.},
  journal={Notices of the AMS},
  volume={50},
  number={11},
  pages={1389--1400},
  year={2003}
}
@article{Olver2014,
  title={Nonlinear Steepest Descent and Numerical Solution of {R}iemann--{H}ilbert Problems},
  author={Olver, S. and Trogdon, T.},
  journal={Comm. Pure Appl. Math.},
  volume={67},
  number={8},
  pages={1353--1389},
  year={2014},
  publisher={Wiley Online Library}
}


%--------------------------------------------------------------------------------------%
% SINKHOLE
%--------------------------------------------------------------------------------------%
% Ming Ye GFDI sinkhole experiments
@inproceedings{tao2014experimental,
  title={Experimental investigation of catastrophic cover-collapse sinkhole formation},
  author={Tao, X and Wang, D and Ye, M and Wang, X and Zhao, J and Pacheco Castro, RB},
  booktitle={AGU Fall Meeting Abstracts},
  year={2014}
}
%Tao, X., Ye, M., Wang, D., Castro, R.P., Wang, X., Zhao J. (2015), Experimental and Numerical Investigation of Cover-Collapse Sinkhole Development and Collapse in Central Florida, in Sinkholes and the Engineering and Environmental Impacts of Karst, edited by Doctor, D.H., Land, L., and Stephenson, J.B., National Cave and Karst Research Institute Symposium 5, Rochester, Minnesota.

% CPALM
@Misc{CPALMS,
  title =  {Using Mathematics to Optimize Wing Design},
  author =  {CPALMS Perspectives Videos},
  howpublished = {\url{http://www.cpalms.org/Public/PreviewResourceUpload/Preview/%20155780}},
  year =  2015
}





%--------------------------------------------------------------------------------------%
% MY PAPERS
%--------------------------------------------------------------------------------------%

%--------------------------------------------%
% MY NEWEST PAPERS
%--------------------------------------------%
% Bolles waves 2019
@article{Bolles2019,
  title = {Anomalous wave statistics induced by abrupt depth change},
  author = {Bolles, C. Tyler and Speer, Kevin and Moore, M. N. J.},
  journal = {Phys. Rev. Fluids},
  volume = {4},
  issue = {1},
  pages = {011801},
  numpages = {8},
  year = {2019},
  publisher = {American Physical Society},
  doi = {10.1103/PhysRevFluids.4.011801},
  url = {https://link.aps.org/doi/10.1103/PhysRevFluids.4.011801}
}
% Majda waves 2019
@article {Majda2019,
	author = {Majda, Andrew J. and Moore, M. N. J. and Qi, Di},
	title = {Statistical dynamical model to predict extreme events and anomalous features in shallow water waves with abrupt depth change},
	volume = {116},
	number = {10},
	pages = {3982--3987},
	year = {2019},
	doi = {10.1073/pnas.1820467116},
	publisher = {National Academy of Sciences},
	issn = {0027-8424},
	URL = {https://www.pnas.org/content/116/10/3982},
	eprint = {https://www.pnas.org/content/116/10/3982.full.pdf},
	journal = {Proceedings of the National Academy of Sciences}
}
% Imma Tumor 2019
@article{Imma2019,
title = "A Biomechanical Model of Tumor-Induced Intracranial Pressure and Edema in Brain Tissue",
journal = "Biophysical Journal",
volume = "116",
number = "8",
pages = "1560--1574",
year = "2019",
issn = "0006-3495",
doi = "https://doi.org/10.1016/j.bpj.2019.02.030",
url = "http://www.sciencedirect.com/science/article/pii/S0006349519302012",
author = "Inmaculada C. Sorribes and Matthew N.J. Moore and Helen M. Byrne and Harsh V. Jain",
}
% Eastham multiphase
@article{eastham2019multiphase,
  title={Multiphase modeling of precipitation-induced membrane formation},
  author={Eastham, PS and Moore, MNJ and Cogan, NG and Wang, Qingpu and Steinbock, Oliver},
  journal={arXiv preprint arXiv:1906.04216},
  year={2019}
}

%--------------------------------------------%
% MY FORTHCOMING PAPERS
%--------------------------------------------%
% Lenny boundary integral
@article{Lenny2018,
  title={Boundary integral analysis for the non-homogeneous 3{D} {S}tokes equation.},
  author={Gray, L. J. and Jakowski, J. and Moore, M. N. J. and Ye, W.},
  journal={arXiv preprint arXiv:1812.00853},
  year={2018}
}
%note ={Under review at {\it Advances in Computational Mathematics}},
% Karina Caves 2018
@article{Caves2018,
  title={A minimal model for predicting ventilation rates of subterranean caves},
  author={Khazmutdinova, Karina and Nof, Doron and Tremaine, Darrel and Ye, Ming and Moore, M. N. J.},
  journal={arXiv preprint arXiv:1808.10478},
  year={2018}
}
%note ={Accepted in {\it Journal of Cave and Karst Science}},
% McCurdy Convection 2019
@article{McCurdy2019,
  title={Convection in a coupled fluid-porous media system},
  author={McCurdy, Matthew and Moore, M. N. J. and Wang, Xiaoming},
  journal={arXiv preprint arXiv:1901.02925},
  year={2019}
}
%note={Submitted to {\it SIAM Journal on Applied Mathematics}},

%--------------------------------------------%
% MY FLAPPING PAPERS
%--------------------------------------------%
% JCP 2017
@article{MooreJCP2017,
  title={A fast {C}hebyshev method for simulating flexible-wing propulsion},
  author={Moore, M. N. J.},
  journal={Journal of Computational Physics},
  volume={345},
  pages={792--817},
  year={2017},
  publisher={Elsevier}
}
% POF 2015
@article{MoorePOF2015,
  title={Torsional spring is the optimal flexibility arrangement for thrust production of a flapping wing},
  author={Moore, M. N. J.},
  journal={Physics of Fluids},
  volume={27},
  number={9},
  pages={091701},
  year={2015},
  publisher={AIP Publishing}
}
% JFM 2014
@article{MooreJFM2014,
  title={Analytical results on the role of flexibility in flapping propulsion},
  author={Moore, M. N. J.},
  journal={Journal of Fluid Mechanics},
  volume={757},
  pages={599--612},
  year={2014},
  publisher={Cambridge Univ Press}
}

%--------------------------------------------%
% MY EROSION PAPERS
%--------------------------------------------%
% Moore and Quaife JCP 2018
@article{Quaife2018,
title = "A boundary-integral framework to simulate viscous erosion of a porous medium",
journal = "Journal of Computational Physics",
volume = "375",
pages = "1--21",
year = "2018",
issn = "0021-9991",
doi = "https://doi.org/10.1016/j.jcp.2018.07.037",
url = "http://www.sciencedirect.com/science/article/pii/S0021999118304984",
author = "B.D. Quaife and M. N. J. Moore"
}
% CPAM 2016
@article{MooreCPAM2017,
  title={{R}iemann-{H}ilbert Problems for the Shapes Formed by Bodies Dissolving, Melting, and Eroding in Fluid Flows},
  author={Moore, M. N. J.},
  journal={Communications on Pure and Applied Mathematics},
  volume={70},
  number={9},
  pages={1810--1831},
  year={2017},
  publisher={Wiley Online Library}
}
% JFM 2015
@article{HuangJFM2015,
  title={Shape dynamics and scaling laws for a body dissolving in fluid flow},
  author={Huang, J. M. and Moore, M. N. J. and Ristroph, L.},
  journal={Journal of Fluid Mechanics},
  volume={765},
  pages={R3},
  year={2015},
  publisher={Cambridge Univ Press}
}
% POF 2013
@article{MoorePOF2013,
  title={Self-similar evolution of a body eroding in a fluid flow},
  author={Moore, M. N. J. and Ristroph, L. and Childress, S. and Zhang, J. and Shelley, M. J.},
  journal={Physics of Fluids},
  volume={25},
  number={11},
  pages={116602},
  year={2013},
  publisher={AIP Publishing}
}
% PNAS 2012
@article{Ristroph2012,
  title={Sculpting of an erodible body by flowing water},
  author={Ristroph, L. and Moore, M. N. J. and Childress, S. and Shelley, M. J. and Zhang, J.},
  journal={Proceedings of the National Academy of Sciences},
  volume={109},
  number={48},
  pages={19606--19609},
  year={2012},
  publisher={National Acad Sciences}
}


%--------------------------------------------%
% MY OLDER PAPERS
%--------------------------------------------%
% Weak-coupling 2012
@article{Moore2012JNNFM,
  title={A weak-coupling expansion for viscoelastic fluids applied to dynamic settling of a body.},
  author={ { M. N. J. Moore} and Shelley, M. J.},
  journal={J. Non-Newton. Fluid},
  volume={183--184},
  pages={25--36},
  year={2012},
  publisher={Elsevier}
}
% Dustin Hill 2013
@misc{HillThesis2013,
  title={A weak-coupling expansion applied to the motion of a settling rod in a viscoelastic fluid.},
  author={ Dustin J. Hill },
  howpublished={Senior Honors Thesis, Albright College},
  month = {May},
  year={2013},
}
% Vertical Layering 2012 JFM
@article{Moore2012JFM,
  title={Stratified flows with vertical layering of density:
experimental and theoretical study of flow configurations and their stability},
  author={Camassa, R. and McLaughlin, R. M. and { M. N. J. Moore} and Yu, K.},
  journal={Journal of Fluid Mechanics},
  volume={690},
  number={},
  pages={571--606},
  year={2012},
  publisher={}
}
% Brachistochrones 2008
@article{BrachPaper2008,
  title={Brachistochrones in potential flow and the connection to {D}arwin's theorem},
  author={Camassa, R. and McLaughlin, R. M. and { M. N. J. Moore} and Vaidya, A.},
  journal={Physics Letters A},
  volume={372},
  number={45},
  pages={6742--6749},
  year={2008},
  publisher={Elsevier}
}
% Boundary integrals 2007
@article{Moore2007,
  title={Evaluation of supersingular integrals: second-order boundary derivatives},
  author={{ M. N. J. Moore} and Gray, L. J. and Kaplan, T.},
  journal={Int. J. Numer. Meth. Eng.},
  volume={69},
  number={9},
  pages={1930--1947},
  year={2007},
  publisher={Wiley Online Library}
}


%--------------------------------------------------------------------------------------%
% Other stuff
%--------------------------------------------------------------------------------------%
% Ladd dissolution wormholes
@article{szymczak2009wormhole,
  title={Wormhole formation in dissolving fractures},
  author={Szymczak, P and Ladd, AJC},
  journal={Journal of Geophysical Research: Solid Earth},
  volume={114},
  number={B6},
  year={2009},
  publisher={Wiley Online Library}
}


%--------------------------------------------------------------------------------------%
% Bryan's additions
%--------------------------------------------------------------------------------------%
@article{mat-kha-koz2008,
title = {Tortuosity-porosity relation in porous media flow},
author = {M.~Matyka and A.~Khalili and Z.~Koza},
journal = {Physical Review E},
volume = {78},
number = {2},
pages = {026306},
year = {2008},
}

@article{kop-kat-tim1996,
title = {Tortuos flow in porous media},
author = {A.~Koponen and M.~Kataja and J.~Timonen},
journal = {Physical Review E},
volume = {54},
number = {1},
pages = {406--410},
year = {1996}
}

@article{dud-koz-mat2011,
title = {Hydraulic tortuosity in arbitrary porous media flow},
author = {A.~Duda and Z.~Koza and M.~Matyka},
journal = {Physical Review E},
volume = {84},
pages = {036319},
year = {2011}
}




% Barycentric
@article{bar2014,
title = {{Evaluation of layer potentials close to the boundary for
  Laplace and Helmholtz problems on analytic planar domains}},
author = {A.~H.~Barnett},
journal = {SIAM Journal on Scientific Computing},
volume = {36},
number = {2},
pages = {A427--A451},
year = {2014}
}
% Barycentric
@article{bar-wu-vee2015,
title = {Spectrally-Accurate Quadratures for Evaluation of Layer
  Potentials Close to the Boundary for the 2D Stokes and Laplace
    Equations},
author = {A.~Barnett and B.~Wu and S.~Veerapaneni},
journal = {SIAM Journal on Scientific Computing},
volume = {37},
number = {4},
pages = {B519--B542},
year = {2015},
publisher = {SIAM}
}

@article{str1968,
title = {On the construction and comparison of difference schemes},
author = {Glbert Strang},
journal = {SIAM Journal on Numerical Analysis},
volume = {5},
number = {3},
pages = {506--517},
publisher = {SIAM},
year = {1968}
}

@article{rob1981,
title = {A stable numerical integration scheme for the primitive meteorological equations},
author = {Andr{\'e} Robert},
journal = {Atmosphere-Ocean},
volume = {19},
number = {1},
pages = {35--46},
year = {1981},
}

@article{kab-qua-bir2017,
title = {Quantification of mixing in vesicle suspensions using
  numerical simulations in two dimensions},
author = {Gokberk Kabacao\u{g}lu and Bryan Quaife and George Biros},
journal = {Physics of Fluids},
volume = {29},
number = {2},
pages = {021901},
year = {2017}
}

@article{kro-qua2010,
title = {{Fast integral equation methods for Rothe's method applied to
  the isotropic heat equation}},
author = {M.C.~Kropinski and B.D.~Quaife},
journal = {Computers and Mathematics with Applications},
volume = {61},
issue = {9},
pages = {2436--2446},
year = {2010}
}

@article{fry-kro-tor2019,
title = {An integral equation based numerical method for the forced heat
equation on complex domains},
author = {Fredrik Fryklund and Mary Catherine A.~Kropinski and
Anna-Karin Tornberg},
journal = {arxiv},
volume = {1907.08537},
year = {2019}
}

@article{fry-leh-tor2019,
title = {{Partition of Unity Extension of Functions on Complex
Domains}},
author = {Fredrik Fryklund and Erik Lehto and Annaâ€“Karin Tornberg},
journal = {Journal of Computational Physics},
volume = {375},
pages = {57--79},
year = {2018}
}

@article{kro-qua2011,
title = {Fast integral equation methods for the modified {H}elmholtz
  equation},
author = {M.C.~Kropinski and B.D.~Quaife},
journal = {Journal of Computational Physics},
volume = {230},
pages = {425--434},
year = {2011}
}

@article{jos-war2006,
title = {{A unified framework for numerically inverting Laplace
  transforms}},
author = {Joseph Abate and Ward Whitt},
journal = {INFORMS Journal on Computing},
volume = {18},
number = {4},
pages = {408--421},
year = {2006},
}

@article{dea-qua-bir-jua2018,
title = {{Prediction of velocity distribution from pore structure in
simple porous media}},
author = {Pietro de Anna and Bryan Quaife and George Biros and Ruben
Juanes},
journal = {Physical Review Fluids},
volume = {2},
number = {12},
pages = {124103},
year = {2018},
}


