@article{qua-moo2018,
title = {A boundary-integral framework to simulate viscous erosion of a
porous medium},
author = {Bryan Quaife and M.~Nicholas J.~Moore},
journal = {Journal of Computational Physics},
volume = {375},
pages = {1--21},
year = {2018}
}

@article{qua-bir2015b,
title = {High-order adaptive time stepping for vesicle suspensions
  with viscosity contrast},
author = {Bryan Quaife and George Biros},
journal = {Procedia IUTAM},
volume = {16},
pages = {89--98},
year = {2015}
}

@article{qua-bir2014,
title = {High-volume fraction simulations of two-dimensional vesicle
  suspensions},
author = {Bryan Quaife and George Biros},
journal = {Journal of Computational Physics},
volume = {274},
pages = {245--267},
year = {2014}
}

@article{qua-bir2016,
title = {{Adaptive time stepping for vesicle simulations}},
author = {Bryan Quaife and George Biros},
journal = {Journal of Computational Physics},
volume = {306},
pages = {478--499},
year = {2016}
}

@article{bys-sha-qua2018,
title = {Stable and contact-free time stepping for dense rigid particle
suspension},
author = {Lukas Bystricky and Sachin Shanbhag and Bryan Quaife},
journal = {arxiv},
volume = {1804.11012},
year = {2018},
note = {Accepted for publication}
}

@article{lu-rah-zor2017,
title = {{Contact-aware simulations of particulate Stokesian
suspensions}},
author = {Libin Lu and Abtin Rahimian and Denis Zorin},
journal = {Journal of Computational Physics},
volume = {347},
pages = {160--182},
year = {2017}
}

@article{bar-wu-vee2015,
title = {{Spectrally-Accurate Quadratures for Evaluation of Layer
  Potentials Close to the Boundary for the 2D Stokes and Laplace
    Equations}},
author = {Alex Barnett and Bowei Wu and Shravan Veerapaneni},
journal = {SIAM Journal on Scientific Computing},
volume = {37},
number = {4},
pages = {B519--B542},
year = {2015},
publisher = {SIAM}
}

@article{dea-qua-bir-jua2018,
title = {{Prediction of velocity distribution from pore structure in
simple porous media}},
author = {Pietro de Anna and Bryan Quaife and George Biros and Ruben
Juanes},
journal = {Physical Review Fluids},
volume = {2},
number = {12},
pages = {124103},
year = {2018},
}

