% Physica D: Based on two papers I looked at in Physica D, the references can be a mix of full names or initials. One of the papers had only initials and that looked better, so let's do that.

%----------------------------------------------------------------------------------------------%
% HYDROLOGY
%----------------------------------------------------------------------------------------------%
% Anderson textbook recommended by Ming Ye for anisotropy of around 10.
@book{anderson2015applied,
  title={Applied groundwater modeling: simulation of flow and advective transport},
  author={Anderson, Mary P and Woessner, William W and Hunt, Randall J},
  year={2015},
  publisher={Academic press}
}




%----------------------------------------------------------------------------------------------%
% MOORE AND QUAIFE STOKES EROSION
%----------------------------------------------------------------------------------------------%
% Quaife and Moore JCP 2018
@article{quaife2018boundary,
title = {A boundary-integral framework to simulate viscous erosion of a
porous medium},
author = {Quaife, B. and Moore, M.N.J.},
journal = {Journal of Computational Physics},
volume = {375},
pages = {1--21},
year = {2018}
}
% Chiu Moore Quaife JFM 2020
@article{chiu2020viscous,
  title={Viscous transport in eroding porous media},
  author={Chiu, S.H. and Moore, M.N.J. and Quaife, B.},
  journal={Journal of Fluid Mechanics},
  volume={893},
  year={2020},
  publisher={Cambridge University Press}
}

%----------------------------------------------------------------------------------------------%

%----------------------------------------------------------------------------------------------%
% MOORE AND AML EROSION AND DISSOLUTION
%----------------------------------------------------------------------------------------------%
@article{Ristroph2012,
  title={Sculpting of an erodible body by flowing water},
  author={Ristroph, L. and Moore, M.N.J. and Childress, S. and Shelley, M.J. and Zhang, J.},
  journal={P. Natl. Acad. Sci. USA},
  volume={109},
  number={48},
  pages={19606--19609},
  year={2012},
  publisher={National Acad Sciences}
}
@article{Moore2013,
  title={Self-similar evolution of a body eroding in a fluid flow},
  author={Moore, M.N.J. and Ristroph, L. and Childress, S. and Zhang, J. and Shelley, M.J.},
  journal={Phys. Fluids},
  volume={25},
  number={11},
  pages={116602},
  year={2013},
  publisher={AIP Publishing}
}
@article{Huang2015,
  title={Shape dynamics and scaling laws for a body dissolving in fluid flow},
  author={Huang, J.M. and Moore, M.N.J. and Ristroph, L.},
  journal={J. Fluid Mech.},
  volume={765},
  pages={R3},
  year={2015},
  publisher={Cambridge Univ Press}
}
@article {MooreCPAM2017,
author = {Moore, M.N.J.},
title = {{R}iemann-{H}ilbert Problems for the Shapes Formed by Bodies Dissolving, Melting, and Eroding in Fluid Flows},
journal = {Comm. Pure Appl. Math.},
year={2017},
issn = {1097-0312},
url = {http://dx.doi.org/10.1002/cpa.21689},
doi = {10.1002/cpa.21689},
}

%----------------------------------------------------------------------------------------------%

%----------------------------------------------------------------------------------------------%
% OTHER PEOPLE EROSION AND DISSOLUTION
%----------------------------------------------------------------------------------------------%
% Rycroft and Bazant 2016
@inproceedings{Rycroft2016,
  title={Asymmetric collapse by dissolution or melting in a uniform flow},
  author={Rycroft, C.H. and Bazant, M.Z.},
  booktitle={Proc. R. Soc. A},
  volume={472},
  pages={20150531},
  year={2016},
  organization={The Royal Society}
}
% Mitchell and Spagnolie
@article{Mitchell2016,
  title={A generalized traction integral equation for {S}tokes flow, with applications to near-wall particle mobility and viscous erosion},
  author={Mitchell, W.H. and Spagnolie, S.E.},
  journal={J. Comput. Phys.},
  year={2016},
  publisher={Elsevier}
}
% Hewett Erosion JFS 2017
@article{HewettJFS2017,
  title={Evolution of an eroding cylinder in single and lattice arrangements},
  author={Hewett, J.N. and Sellier, M.},
  journal={J. Fluid Struct.},
  volume={70},
  pages={295--313},
  year={2017},
  publisher={Elsevier}
}
% Hewett Ice 2017
@article{Hewett2017pear,
  title={The pear-shaped fate of an ice melting front},
  author={Hewett, J.N. and Sellier, M.},
  journal={arXiv preprint arXiv:1705.02536},
  year={2017}
}
%----------------------------------------------------------------------------------------------%






% Shelley JCP interpolated quadrature 
@article{baker1986boundary,
  title={Boundary integral techniques for multi-connected domains},
  author={Baker, G.R. and Shelley, M.J.},
  journal={Journal of Computational Physics},
  volume={64},
  number={1},
  pages={112--132},
  year={1986},
  publisher={Elsevier}
}

% Moore Gray boundary integral
@article{moore2007evaluation,
  title={Evaluation of supersingular integrals: second-order boundary derivatives},
  author={Moore, M.N.J. and Gray, L.J. and Kaplan, T.},
  journal={Int. J. Numer. Meth. Eng.},
  volume={69},
  number={9},
  pages={1930--1947},
  year={2007},
  publisher={Wiley Online Library}
}


@article{pow-mir1987,
title = {Second kind integral equation formulation of Stokes' flows past
  a particle of arbitrary shape},
author = {H.~Power and G.~Miranda},
journal = {SIAM Journal on Applied Mathematics},
volume = {47},
number = {4},
pages = {689--698},
year = {1987}
}


