@article{qua-moo2018,
title = {A boundary-integral framework to simulate viscous erosion of a
porous medium},
author = {Bryan Quaife and M.~Nicholas J.~Moore},
journal = {Journal of Computational Physics},
volume = {375},
pages = {1--21},
year = {2018}
}

% Shelley JCP interpolated quadrature 
@article{baker1986boundary,
  title={Boundary integral techniques for multi-connected domains},
  author={Baker, GR and Shelley, MJ},
  journal={Journal of Computational Physics},
  volume={64},
  number={1},
  pages={112--132},
  year={1986},
  publisher={Elsevier}
}

@article{bar-wu-vee2015,
title = {Spectrally-Accurate Quadratures for Evaluation of Layer
  Potentials Close to the Boundary for the 2D Stokes and Laplace
    Equations},
author = {Alex Barnett and Bowei Wu and Shravan Veerapaneni},
journal = {SIAM Journal on Scientific Computing},
volume = {37},
number = {4},
pages = {B519--B542},
year = {2015},
publisher = {SIAM}
}

@article{dea-qua-bir-jua2018,
title = {{Prediction of velocity distribution from pore structure in
simple porous media}},
author = {Pietro de Anna and Bryan Quaife and George Biros and Ruben
Juanes},
journal = {Physical Review Fluids},
volume = {2},
number = {12},
pages = {124103},
year = {2018},
}

@article{pow-mir1987,
title = {Second kind integral equation formulation of Stokes' flows past
  a particle of arbitrary shape},
author = {H.~Power and G.~Miranda},
journal = {SIAM Journal on Applied Mathematics},
volume = {47},
number = {4},
pages = {689--698},
year = {1987}
}

@article{mit-spa2017,
title = {{A generalized traction integral equation for Stokes flow,
with applications to near-wall particle mobility and viscous erosion}},
author = {William H.~Mitchell and Saverio E.~Spagnolie},
journal = {Journal of Computational Physics},
volume = {333},
pages = {462--482},
year = {2017}
}

@article{hel-oja2008,
title = {On the evaluation of layer potentials close to their sources},
author = {Johan Helsing and Rikard Ojala},
journal = {Journal of Computational Physics},
volume = {227},
pages = {2899--2921},
year = {2008}
}

@article{gre-gre-may1992,
title = {On the numerical solution of the biharmonic equation in the
plane},
author = {Anne Greenbaum and Leslie Greengard and Anita Mayo},
journal = {Physica D: Nonlinear Phenomena},
volume = {60},
pages = {216--225},
year = {1992}
}

@article{gre-rok1987,
title = {{A Fast Algorithm for Particle Simulations}},
author = {L.~Greengard and V.~Rokhlin},
journal = {Journal of Computational Physics},
volume = {73},
pages = {325--348},
year = {1987}
}

@article{tre-wei2014,
title = {{The Exponentially Convergent Trapezoidal Rule}},
author = {Lloyd N.~Trefethen and J.~A.~C.~Weideman},
journal = {SIAM Review},
volume = {56},
number = {3},
pages = {385--458},
year = {2014}
}

@article{hou-low-she1994,
title = {{Removing the Stiffness for Interfacial Flows with Surface
  Tension}},
author = {Thomas Y.~Hou and John S.~Lowengrub and Michael J.~Shelley},
journal = {Journal of Computational Physics},
volume = {114},
pages = {312--338},
year = {1994}
}
